<record><leader>00000cas a22000007a 4500</leader><controlfield tag="001">31481660</controlfield><controlfield tag="008">941118d18411841mauwr ne      0    0eng d</controlfield><datafield ind1=" " ind2=" " tag="010"><subfield code="a">sn 94055936 </subfield></datafield><datafield ind1=" " ind2=" " tag="040"><subfield code="a">MGN</subfield><subfield code="b">eng</subfield><subfield code="c">MGN</subfield><subfield code="d">OCLCQ</subfield></datafield><datafield ind1=" " ind2=" " tag="042"><subfield code="a">msc</subfield></datafield><datafield ind1="0" ind2=" " tag="130"><subfield code="a">Boston weekly news (Boston, Mass. : 1841)</subfield></datafield><datafield ind1="1" ind2="0" tag="245"><subfield code="a">Boston weekly news.</subfield></datafield><datafield ind1=" " ind2=" " tag="260"><subfield code="a">Boston [Mass.] :</subfield><subfield code="b">William S. Damrell</subfield></datafield><datafield ind1=" " ind2=" " tag="300"><subfield code="a">v.</subfield></datafield><datafield ind1=" " ind2=" " tag="310"><subfield code="a">Weekly</subfield></datafield><datafield ind1="1" ind2=" " tag="362"><subfield code="a">Ceased in Nov. 1841.</subfield></datafield><datafield ind1=" " ind2=" " tag="588"><subfield code="a">Description based on: Vol. 1, no. 17 (Nov. 6, 1841).</subfield></datafield><datafield ind1=" " ind2=" " tag="752"><subfield code="a">United States</subfield><subfield code="b">Massachusetts</subfield><subfield code="c">Suffolk</subfield><subfield code="d">Boston.</subfield></datafield><datafield ind1="0" ind2=" " tag="775"><subfield code="t">Boston daily news (Boston, Mass. : 1841)</subfield><subfield code="w">(DLC)sn 91058068</subfield></datafield><datafield ind1="0" ind2="0" tag="780"><subfield code="t">Weekly star, and temperance advocate</subfield><subfield code="w">(DLC)sn 84023750</subfield></datafield></record>